@article{Kitamoto:2018dek,
      author         = "Kitamoto, Hiroyuki",
      title          = "{Infrared resummation for derivative interactions in de
                        Sitter space}",
      year           = "2018",
      eprint         = "1811.01830",
      archivePrefix  = "arXiv",
      primaryClass   = "hep-th",
      reportNumber   = "NCTS-TH/1814",
      SLACcitation   = "%%CITATION = ARXIV:1811.01830;%%"
}

